@string { NIPS = "Advances in Neural Information Processing Systems (NIPS)"}
@string { ICCV = " International Conference on Computer Vision (ICCV)"}
@string { ICML = "International Conference on Machine Learning (ICML)"}
@string { CVPR = "Computer Vision and Pattern Recognition (CVPR)"}
@string { IROS = "Intelligent Robots and Systems (IROS)"}
@string { IJCNN = "International Joint Conference on Neural Networks (IJCNN)"}
@string { ICANN = "Artificial Neural Networks and Machine Learning (ICANN)"}
@string { GCOW = "Greatest Conference Of the World (GCOW)"}


@inproceedings{Zhong2023Ariadne,
  author    = {Zhong, Yi and others},
  title     = {Ariadne's thread: Using text prompts to improve segmentation of infected areas from chest x-ray images},
  booktitle = {International Conference on Medical Image Computing and Computer-Assisted Intervention (MICCAI 2023)},
  address   = {Cham},
  publisher = {Springer Nature Switzerland},
  year      = {2023}
}

@article{Ripart2025MELD,
  author  = {Ripart, M. and Spitzer, H. and Williams, L. Z. and Walger, L. and Chen, A. and Napolitano, A. and others},
  title   = {Detection of epileptogenic focal cortical dysplasia using graph neural networks: a {MELD} study},
  journal = {JAMA Neurology},
  year    = {2025},
  volume  = {82},
  number  = {4},
  pages   = {397--406}
}

@article{Li2024LGMSeg,
  author  = {Li, M. and Meng, M. and Ye, S. and Fulham, M. and Bi, L. and Kim, J.},
  title   = {Language-guided Medical Image Segmentation with Target-informed Multi-level Contrastive Alignments},
  journal = {arXiv preprint arXiv:2412.13533},
  year    = {2024},
  eprint  = {2412.13533},
  eprinttype = {arXiv}
}

@inproceedings{Li2025Mulmodseg,
  author    = {Li, C. and Zhu, H. and Sultan, R. I. and Ebadian, H. B. and Khanduri, P. and Indrin, C. and others},
  title     = {Mulmodseg: Enhancing unpaired multi-modal medical image segmentation with modality-conditioned text embedding and alternating training},
  booktitle = {Proceedings of the IEEE/CVF Winter Conference on Applications of Computer Vision (WACV)},
  year      = {2025},
  pages     = {3581--3591},
  organization = {IEEE}
}

@article{Zhang2025OrganAware,
  author  = {Zhang, W. and Zhang, Z. and He, M. and Ye, J.},
  title   = {Organ-aware Multi-scale Medical Image Segmentation Using Text Prompt Engineering},
  journal = {arXiv preprint arXiv:2503.13806},
  year    = {2025},
  eprint  = {2503.13806},
  eprinttype = {arXiv}
}

@article{Durgam2025LungCancer,
  author  = {Durgam, R. and Panduri, B. and Balaji, V. and Khadidos, A. O. and Khadidos, A. O. and Selvarajan, S.},
  title   = {Enhancing lung cancer detection through integrated deep learning and transformer models},
  journal = {Scientific Reports},
  year    = {2025},
  volume  = {15},
  number  = {1},
  pages   = {15614}
}

@article{Abdusalomov2023BrainTumor,
  author  = {Abdusalomov, A. B. and Mukhiddinov, M. and Whangbo, T. K.},
  title   = {Brain tumor detection based on deep learning approaches and magnetic resonance imaging},
  journal = {Cancers},
  year    = {2023},
  volume  = {15},
  number  = {16},
  pages   = {4172},
  publisher = {MDPI}
}

@article{Sharma2025KidneyCT,
  author  = {Sharma, K. and Uddin, Z. and Wadal, A. and Gupta, D.},
  title   = {Hybrid Deep Learning Framework for Classification of Kidney {CT} Images: Diagnosis of Stones, Cysts, and Tumors},
  journal = {arXiv preprint arXiv:2502.04367},
  year    = {2025},
  eprint  = {2502.04367},
  eprinttype = {arXiv}
}

@article{Mehmood2025BreastCancer,
  author  = {Mehmood, A. and Hu, Y. and Khan, S. H.},
  title   = {A Novel Channel Boosted Residual {CNN}-Transformer with Regional-Boundary Learning for Breast Cancer Detection},
  journal = {arXiv preprint arXiv:2503.15008},
  year    = {2025},
  eprint  = {2503.15008},
  eprinttype = {arXiv}
}

@article{Huemann2024ConTEXTualNet,
  author  = {Huemann, Z. and Tie, X. and Hu, J. and Bradshaw, T. J.},
  title   = {ConTEXTual net: a multimodal vision-language model for segmentation of pneumothorax},
  journal = {Journal of Imaging Informatics in Medicine},
  year    = {2024},
  volume  = {37},
  number  = {4},
  pages   = {1652--1663}
}




